@article{lonn2009saving,
  title={Saving time or innovating practice: Investigating perceptions and uses of Learning Management Systems},
  author={Lonn, Steven and Teasley, Stephanie D},
  journal={Computers \& Education},
  volume={53},
  number={3},
  pages={686--694},
  year={2009},
  publisher={Elsevier}
}